@book{book:gentle_introduction,
  author="Fabien {POTENCIER} and François {ZANINOTTO}",
  title="A Gentle Introduction to symfony 1.4",
  publisher="Sensio Labs",
  year="2010"
}

@book{book:doctrine_orm,
  author="Jonathan {WAGE} and Roman {BORSCHEL} and Guilherme {BLANCO}",
  title="Doctrine ORM for PHP",
  publisher="Sensio Labs",
  year="2010"
}

@misc{website:actmtr,
  title="{Albacomp Testületi Munkát Támogató Rendszer}",
  howpublished="http://www.albacomp.hu/index.php?pg=menu\_8715"
}

@misc{website:eforte,
  title="{InterMap e-FORTE}",
  howpublished="http://intermap.hu/termekek/termekekonkormanyzat.html"
}

@misc{website:ekozig,
  title="{eKÖZIG döntéstámogató rendszer}",
  howpublished="http://www.ekozig.hu/dt.html"
}

@misc{website:symfony_yahoo,
  title="{Yahoo! Answers powered by symfony}",
  howpublished="http://symfony.com/blog/yahoo-answers-powered-by-symfony"
}

@misc{website:symfony_dailymotion,
  title="{Dailymotion, powered by symfony}",
  howpublished="http://symfony.com/blog/dailymotion-powered-by-symfony"
}

@misc{website:doctrine,
  title="{Doctrine Project}",
  howpublished="http://www.doctrine-project.org/"
}

@misc{website:bootstrap,
  title="{Twitter Bootstrap}",
  howpublished="http://twitter.github.com/bootstrap/"
}

@misc{website:openid_specifikacio,
  title="az {OpenID} protokoll specifikációja",
  howpublished="https://openid.net/specs/openid-authentication-2\_0.html"
}

@misc{website:fpopenidbundle,
  title="az {FpOpenIdBundle} leírása",
  howpublished="http://knpbundles.com/formapro/FpOpenIdBundle"
}

@misc{website:gcal_event_api,
  title="Google Calendar Event {API}",
  howpublished="https://developers.google.com/google-apps/calendar/v3/reference/events"
}

@misc{website:google_api_client,
  title="Google {API} php kliens",
  howpublished="https://code.google.com/p/google-api-php-client/"
}

@misc{website:symfony2_bundle,
  title="Creating Pages in Symfony2, The Bundle System",
  howpublished="http://symfony.com/doc/current/book/page\_creation.html\#the-bundle-system"
}

@misc{website:crud,
  title="Create, read, update and delete",
  howpublished="https://en.wikipedia.org/wiki/Create,\_read,\_ update\_and\_delete"
}
